
    <record>
      <header>
        <identifier>oai:mst.rochester.edu:MetadataServicesToolkit/marcnormalization/5</identifier>
        <datestamp>2012-01-20T19:38:09Z</datestamp>
        <setSpec>MARCXMLbibliographic</setSpec>
      </header>
      <metadata>
        <marc:record xmlns:marc="http://www.loc.gov/MARC21/slim" xmlns:xsi="http://www.w3.org/2001/XMLSchema-instance" xsi:schemaLocation="http://www.loc.gov/MARC21/slim http://localhost:8080/OAIToolkit/schema/MARC21slim_custom.xsd">
          <marc:leader>00862ctcaa2200241Ka 4500</marc:leader>
          <marc:controlfield tag="001">2052624</marc:controlfield>
          <marc:controlfield tag="003">NRU</marc:controlfield>
          <marc:controlfield tag="005">20050502153926.0</marc:controlfield>
          <marc:controlfield tag="008">010101i18461904xx            000 0deng d</marc:controlfield>
          <marc:datafield ind1=" " ind2=" " tag="010">
            <marc:subfield code="a">   61001257 </marc:subfield>
          </marc:datafield>
          <marc:datafield ind1=" " ind2=" " tag="035">
            <marc:subfield code="a">(CStRLIN)NYRG17-A</marc:subfield>
          </marc:datafield>
          <marc:datafield ind1=" " ind2=" " tag="040">
            <marc:subfield code="a">NRU</marc:subfield>
            <marc:subfield code="e">appm</marc:subfield>
            <marc:subfield code="c">NRU</marc:subfield>
          </marc:datafield>
          <marc:datafield ind1="1" ind2=" " tag="100">
            <marc:subfield code="a">Anthony, Susan B.</marc:subfield>
            <marc:subfield code="q">(Susan Brownell),</marc:subfield>
            <marc:subfield code="d">1820-1906.</marc:subfield>
          </marc:datafield>
          <marc:datafield ind1="1" ind2="0" tag="245">
            <marc:subfield code="a">Susan B. Anthony papers,</marc:subfield>
            <marc:subfield code="f">1846-1904.</marc:subfield>
          </marc:datafield>
          <marc:datafield ind1=" " ind2=" " tag="300">
            <marc:subfield code="a">0.4</marc:subfield>
            <marc:subfield code="f">cubic ft.</marc:subfield>
          </marc:datafield>
          <marc:datafield ind1=" " ind2=" " tag="351">
            <marc:subfield code="b">Single series.</marc:subfield>
          </marc:datafield>
          <marc:datafield ind1=" " ind2=" " tag="520">
            <marc:subfield code="a">Correspondence of Susan B. Anthony, mostly to Harriet Taylor Upton, regarding the woman suffrage movement.</marc:subfield>
          </marc:datafield>
          <marc:datafield ind1="0" ind2=" " tag="555">
            <marc:subfield code="a">Register available on the Internet.</marc:subfield>
          </marc:datafield>
          <marc:datafield ind1=" " ind2=" " tag="583">
            <marc:subfield code="a">Surveyed</marc:subfield>
            <marc:subfield code="c">01/01/1980</marc:subfield>
          </marc:datafield>
          <marc:datafield ind1="1" ind2="0" tag="600">
            <marc:subfield code="a">Anthony, Susan B.</marc:subfield>
            <marc:subfield code="q">(Susan Brownell),</marc:subfield>
            <marc:subfield code="d">1820-1906.</marc:subfield>
          </marc:datafield>
          <marc:datafield ind1="1" ind2="0" tag="600">
            <marc:subfield code="a">Upton, Harriet Taylor.</marc:subfield>
          </marc:datafield>
          <marc:datafield ind1="2" ind2="0" tag="610">
            <marc:subfield code="a">National American Woman Suffrage Association.</marc:subfield>
          </marc:datafield>
          <marc:datafield ind1=" " ind2="0" tag="650">
            <marc:subfield code="a">Woman</marc:subfield>
            <marc:subfield code="x">Suffrage</marc:subfield>
            <marc:subfield code="z">United States.</marc:subfield>
          </marc:datafield>
          <marc:datafield ind1=" " ind2=" " tag="950">
            <marc:subfield code="l">NYRG</marc:subfield>
            <marc:subfield code="i">01/29/95 C</marc:subfield>
          </marc:datafield>
          <marc:datafield tag="931" ind1=" " ind2=" ">
            <marc:subfield code="a">Text</marc:subfield>
            <marc:subfield code="5">UIUdb</marc:subfield>
          </marc:datafield>
          <marc:datafield tag="932" ind1=" " ind2=" ">
            <marc:subfield code="a">Manuscript language material</marc:subfield>
            <marc:subfield code="5">UIUdb</marc:subfield>
          </marc:datafield>
          <marc:datafield tag="933" ind1=" " ind2=" ">
            <marc:subfield code="a">Text</marc:subfield>
            <marc:subfield code="5">UIUdb</marc:subfield>
          </marc:datafield>
          <marc:datafield tag="935" ind1=" " ind2=" ">
            <marc:subfield code="a">Collection</marc:subfield>
            <marc:subfield code="5">UIUdb</marc:subfield>
          </marc:datafield>
          <marc:datafield tag="937" ind1=" " ind2=" ">
            <marc:subfield code="a">Non-Fiction</marc:subfield>
            <marc:subfield code="5">UIUdb</marc:subfield>
          </marc:datafield>
          <marc:datafield tag="941" ind1=" " ind2=" ">
            <marc:subfield code="a">eng</marc:subfield>
            <marc:subfield code="5">UIUdb</marc:subfield>
          </marc:datafield>
          <marc:datafield tag="943" ind1=" " ind2=" ">
            <marc:subfield code="a">English</marc:subfield>
            <marc:subfield code="5">UIUdb</marc:subfield>
          </marc:datafield>
          <marc:datafield tag="240" ind1="0" ind2="0">
            <marc:subfield code="a">Susan B. Anthony papers,</marc:subfield>
            <marc:subfield code="f">1846-1904.</marc:subfield>
          </marc:datafield>
          <marc:datafield tag="965" ind1=" " ind2="0">
            <marc:subfield code="a">Woman</marc:subfield>
            <marc:subfield code="5">UIUdb</marc:subfield>
          </marc:datafield>
          <marc:datafield tag="965" ind1=" " ind2="0">
            <marc:subfield code="x">Suffrage</marc:subfield>
            <marc:subfield code="5">UIUdb</marc:subfield>
          </marc:datafield>
          <marc:datafield tag="967" ind1=" " ind2="0">
            <marc:subfield code="z">United States.</marc:subfield>
            <marc:subfield code="5">UIUdb</marc:subfield>
          </marc:datafield>
        </marc:record>
      </metadata>
    </record>
    <record>
      <header>
        <identifier>oai:mst.rochester.edu:MetadataServicesToolkit/marcnormalization/6</identifier>
        <datestamp>2012-01-20T19:38:09Z</datestamp>
        <setSpec>MARCXMLholding</setSpec>
      </header>
      <metadata>
        <marc:record xmlns:marc="http://www.loc.gov/MARC21/slim" xmlns:xsi="http://www.w3.org/2001/XMLSchema-instance" xsi:schemaLocation="http://www.loc.gov/MARC21/slim http://localhost:8080/OAIToolkit/schema/MARC21slim_custom.xsd">
          <marc:leader>00421cv  a2200097   4500</marc:leader>
          <marc:controlfield tag="001">2185970</marc:controlfield>
          <marc:controlfield tag="003">NRU</marc:controlfield>
          <marc:controlfield tag="004">2052624</marc:controlfield>
          <marc:controlfield tag="005">20060406115955.0</marc:controlfield>
          <marc:controlfield tag="008">0104022u    8   1001ba   0      </marc:controlfield>
          <marc:datafield ind1="8" ind2=" " tag="852">
            <marc:subfield code="a">University of Rochester,</marc:subfield>
            <marc:subfield code="e">Rush Rhees Library, Department of Rare Books, Manuscripts and Archives, Rochester, New York 14627</marc:subfield>
            <marc:subfield code="b">RBManuscrp</marc:subfield>
            <marc:subfield code="k">Manuscript Collection</marc:subfield>
            <marc:subfield code="h">A.A62</marc:subfield>
          </marc:datafield>
          <marc:datafield ind1="4" ind2="2" tag="856">
            <marc:subfield code="u">http://www.library.rochester.edu/index.cfm?page=1127</marc:subfield>
            <marc:subfield code="3">Register</marc:subfield>
            <marc:subfield code="z">(List of contents)</marc:subfield>
          </marc:datafield>
        </marc:record>
      </metadata>
    </record>
  </ListRecords>
</OAI-PMH>
